@article{mdsintro,
  title={An introduction to MDS},
  author={Wickelmaier, Florian},
  journal={Sound Quality Research Unit, Aalborg University, Denmark},
  volume={46},
  number={5},
  pages={1--26},
  year={2003},
  publisher={Citeseer}
}

@book{clusteranalysis,
  title={Cluster analysis},
  author={Landau, Sabine and Leese, Morven and Stahl, Daniel and Everitt, Brian S},
  year={2011},
  publisher={John Wiley \& Sons}
}

@article{lleintro,
  title={An introduction to locally linear embedding},
  author={Saul, Lawrence K and Roweis, Sam T},
  journal={unpublished. Available at: \url{http://www.cs.toronto.edu/~roweis/lle/publications.html}},
  year={2000}
}

@article{stringmatching,
  title={A guided tour to approximate string matching},
  author={Navarro, Gonzalo},
  journal={ACM computing surveys (CSUR)},
  volume={33},
  number={1},
  pages={31--88},
  year={2001},
  publisher={ACM New York, NY, USA}
}

@book{esl,
  title={The elements of statistical learning: data mining, inference, and prediction},
  author={Hastie, Trevor and Tibshirani, Robert and Friedman, Jerome H and Friedman, Jerome H},
  volume={2},
  year={2009},
  publisher={Springer}
}

@book{tda,
  title={Topological data analysis for genomics and evolution: topology in biology},
  author={Rabad{\'a}n, Ra{\'u}l and Blumberg, Andrew J},
  year={2019},
  publisher={Cambridge University Press}
}
@inproceedings{espositosimdis,
  title={Similarity and Dissimilarity},
  author={Esposito, F and Malerba, D and Tamma, V and Bock, HH},
  booktitle={Analysis of Symbolic Data: Exploratory Methods for Extracting Statistical Information from Complex Data},
  pages={139--197},
  year={2000},
  organization={Springer}
}
@article{smacof,
  title={More on multidimensional scaling and unfolding in R: smacof version 2},
  author={Mair, Patrick and Groenen, Patrick JF and de Leeuw, Jan},
  journal={Journal of Statistical Software},
  volume={102},
  pages={1--47},
  year={2022}
}

@article{jl,
  title={An elementary proof of a theorem of Johnson and Lindenstrauss},
  author={Dasgupta, Sanjoy and Gupta, Anupam},
  journal={Random Structures \& Algorithms},
  volume={22},
  number={1},
  pages={60--65},
  year={2003},
  publisher={Wiley Online Library}
}

@inproceedings{verysparse,
  title={Very sparse random projections},
  author={Li, Ping and Hastie, Trevor J and Church, Kenneth W},
  booktitle={Proceedings of the 12th ACM SIGKDD international conference on Knowledge discovery and data mining},
  pages={287--296},
  year={2006}
}

@book{fml,
  title={Foundations of machine learning},
  author={Mohri, Mehryar and Rostamizadeh, Afshin and Talwalkar, Ameet},
  year={2018},
  publisher={MIT press}
}

@techreport{landmarkmds,
  title={Sparse multidimensional scaling using landmark points},
  author={De Silva, Vin and Tenenbaum, Joshua B},
  year={2004},
  institution={technical report, Stanford University}
}

@misc{wassermanwasserstein,
  title={Optimal transport and wasserstein distance},
  author={Wasserman, L},
  year={2017}
}

@article{kldist,
  title={A new statistical similarity measure for change detection in multitemporal SAR images and its extension to multiscale change analysis},
  author={Inglada, Jordi and Mercier, Grgoire},
  journal={IEEE transactions on geoscience and remote sensing},
  volume={45},
  number={5},
  pages={1432--1445},
  year={2007},
  publisher={IEEE}
}

@article{isomap,
  title={A global geometric framework for nonlinear dimensionality reduction},
  author={Tenenbaum, Joshua B and Silva, Vin de and Langford, John C},
  journal={science},
  volume={290},
  number={5500},
  pages={2319--2323},
  year={2000},
  publisher={American Association for the Advancement of Science}
}

@book{ciml,
  title={A course in machine learning},
  author={Daum{\'e}, Hal},
  year={2017},
}

@book{tsybakov,
  title={Introduction to Nonparametric Estimation},
  author={A. Tsybakov},
  year={2008}
}

@book{algos,
  title={Introduction to algorithms},
  author={Cormen, Thomas H and Leiserson, Charles E and Rivest, Ronald L and Stein, Clifford},
  year={2022},
  publisher={MIT press}
}

@book{modernmds,
  title={Modern multidimensional scaling: Theory and applications},
  author={Borg, Ingwer and Groenen, Patrick JF},
  year={2005},
  publisher={Springer Science \& Business Media}
}

@article{haversine, title={A Non-singular Horizontal Position Representation}, volume={63}, DOI={10.1017/s0373463309990415}, number={3}, journal={Journal of Navigation}, author={Gade, Kenneth}, year={2010}, month={May}, pages={395â€“417} }
